% This file was created with JabRef 2.10.
% Encoding: Cp1252


@Electronic{Einstellregeln,
  Title                    = {pid-einstellregeln},
  Author                   = {{B. Bate}},
  Note                     = {Zugriff am 22 03 2015},
  Organization             = {FH Dortmund},
  Url                      = {//fsemu18.edu.ds.fhnw.ch/e_18_data11$/E1861_Unterrichte_EIT/E1861_2Ea/pro2E/Literatur_Fachcoach},
  Year                     = {2009},

  Owner                    = {Simon Sturm},
  Timestamp                = {2015.05.06}
}

@Electronic{GrundlagenRegelung,
  Title                    = {Grundlagen der Regelungstechnik},
  Author                   = {{P. D.-I. W. Schumacher und p. e. D.-I. W. Leonhad}},
  Month                    = {10},
  Note                     = {Zugriff am 22 03 2015},
  Organization             = {Institut für Regelungstechnik},
  Url                      = {//fsemu18.edu.ds.fhnw.ch/e_18_data11$/E1861_Unterrichte_EIT/E1861_2Ea/pro2E/Literatur_Fachcoach},
  Year                     = {2003},

  Owner                    = {Simon Sturm},
  Timestamp                = {2015.05.06}
}

@Electronic{WrapLayout,
  Title                    = {WrapLayout},
  Author                   = {{Rob Camick}},
  Month                    = {11},
  Note                     = {Zugriff am 10.05.2015},
  Url                      = {https://tips4java.wordpress.com/2008/11/06/wrap-layout/},
  Year                     = {2008},

  Owner                    = {Simon Sturm},
  Timestamp                = {2015.06.08}
}

@Electronic{Zellweger,
  Title                    = {rt\textunderscore phasengang-methode},
  Author                   = {{J}. Zellweger},
  Month                    = {11},
  Note                     = {Zugriff am 22.03.2015},
  Organization             = {FHNW},
  Url                      = {//fsemu18.edu.ds.fhnw.ch/e_18_data11$/E1861_Unterrichte_EIT/E1861_2Ea/pro2E/Literatur_Fachcoach},
  Year                     = {2014},

  Owner                    = {Simon Sturm},
  Timestamp                = {2015.05.06}
}

@Electronic{OracleDoc,
  Title                    = {Layout Manager Guide},
  Note                     = {Zugriff am 01.06.2015},
  Organization             = {Oracle},
  Url                      = {https://docs.oracle.com/javase/tutorial/uiswing/layout/visual.html},

  Owner                    = {Simon Sturm},
  Timestamp                = {2015.06.08}
}

@Electronic{RegelKreisWikipedia,
  Title                    = {Bild {R}egelkreis},
  Note                     = {Zugriff am 20.05.2015},
  Url                      = {http://de.wikipedia.org/wiki/Regelkreis#/media/File:Einfacher_Regelkreis_n.svg},

  Owner                    = {Simon Sturm},
  Timestamp                = {2015.05.31}
}

@Electronic{WendetangenteAuftraggeber,
  Title                    = {Wendetangente {A}uftraggeber},
  Note                     = {Zugriff am 20.05.2015},
  Url                      = {//fsemu18.edu.ds.fhnw.ch/e_18_data11$/E1861_Unterrichte_EIT/E1861_2Ea/pro2E/Aufgabenstellung_vom_Auftraggeber},

  Owner                    = {Simon Sturm},
  Timestamp                = {2015.05.31}
}

